@ARTICLE{listephens,
  title           = {Modeling Linkage Disequilibrium and Identifying Recombination Hotspots Using Single-Nucleotide Polymorphism Data},
  author          = {Na Li and Matthew Stephens},
  year            = 2003,
  journal         = {Genetics},
  volume          = 165,
  number          = 4,
  pages           = {2213-2233},
}
@ARTICLE{fbgpu,
  title           = {The fast evaluation of hidden Markov models on GPU},
  author          = {Jun Li and Shuangping Chen and Yanhui Li},
  year            = 2009,
  journal         = {Intelligent Computing and Intelligent Systems}
}
@inproceedings{island,
 author = {Binder, John and Murphy, Kevin and Russell, Stuart},
 title = {Space-efficient Inference in Dynamic Probabilistic Networks},
 booktitle = {Proceedings of the Fifteenth International Joint Conference on Artifical Intelligence - Volume 2},
 series = {IJCAI'97},
 year = {1997},
 isbn = {1-555860-480-4},
 location = {Nagoya, Japan},
 pages = {1292--1296},
 numpages = {5},
 url = {http://dl.acm.org/citation.cfm?id=1622270.1622342},
 acmid = {1622342},
 publisher = {Morgan Kaufmann Publishers Inc.},
 address = {San Francisco, CA, USA},
}
@MISC{hmmgpu1,
  title           = {cuHMM: a CUDA Implementation of Hidden Markov Model Training and Classification},
  author          = {Chuan Liu},
  year            = 2009,
  url             = {https://pdfs.semanticscholar.org/ed70/3b72f46b06d9c5999a32e840cfabb5715d09.pdf},
  note            = {Thesis, unpub}
}
@MISC{parahmm,
  title           = {parahmm: Parallel Implementation of HMM on Multicore Platform},
  author          = {Yuchen Huo and Danhao Guo},
  year            = 2017,
  url             = {https://firebb.github.io/parahmm/},
  note            = {Past 418 project}
}
@MISC{reduceopt,
  title           = {Optimizing Parallel Reduction in CUDA},
  author          = {Mark Harris},
  institution     = {NVIDIA Developer Technology},
  url             = {http://developer.download.nvidia.com/compute/cuda/1.1-Beta/x86\_website/projects/reduction/doc/reduction.pdf},
  howpublished    = {CUDA Sample Documentation},
}
